[gd_scene load_steps=17 format=2]

[ext_resource path="res://scenes/GUI/GUI assets/label_HP_bg.png" type="Texture" id=1]
[ext_resource path="res://res/art/faces.png" type="Texture" id=2]
[ext_resource path="res://scenes/GUI/GUI assets/lifebar_fill.png" type="Texture" id=3]
[ext_resource path="res://res/fonts/Comfortaa-Bold.ttf" type="DynamicFontData" id=4]
[ext_resource path="res://scenes/GUI/GUI assets/lifebar_bg.png" type="Texture" id=5]
[ext_resource path="res://res/art/item_water.png" type="Texture" id=6]
[ext_resource path="res://res/art/item_shot.png" type="Texture" id=7]
[ext_resource path="res://res/art/item_beer.png" type="Texture" id=8]
[ext_resource path="res://scenes/GUI/GUI.gd" type="Script" id=10]

[sub_resource type="DynamicFont" id=1]
size = 28
font_data = ExtResource( 4 )

[sub_resource type="AtlasTexture" id=2]
flags = 4
atlas = ExtResource( 2 )
region = Rect2( 0, 0, 60, 60 )

[sub_resource type="AtlasTexture" id=3]
flags = 4
atlas = ExtResource( 2 )
region = Rect2( 60, 0, 60, 60 )

[sub_resource type="AtlasTexture" id=4]
flags = 4
atlas = ExtResource( 2 )
region = Rect2( 120, 0, 60, 60 )

[sub_resource type="AtlasTexture" id=5]
flags = 4
atlas = ExtResource( 2 )
region = Rect2( 180, 0, 60, 60 )

[sub_resource type="AtlasTexture" id=6]
flags = 4
atlas = ExtResource( 2 )
region = Rect2( 240, 0, 60, 60 )

[sub_resource type="SpriteFrames" id=7]
animations = [ {
"frames": [ SubResource( 2 ), SubResource( 3 ), SubResource( 4 ), SubResource( 5 ), SubResource( 6 ) ],
"loop": true,
"name": "default",
"speed": 5.0
} ]

[node name="GUI" type="MarginContainer"]
anchor_right = 1.0
margin_right = 1.0
margin_bottom = 93.0
rect_scale = Vector2( 0.5, 0.5 )
custom_constants/margin_right = 20
custom_constants/margin_top = 20
custom_constants/margin_left = 20
custom_constants/margin_bottom = 20
script = ExtResource( 10 )
__meta__ = {
"_edit_use_anchors_": false
}

[node name="HBoxContainer" type="HBoxContainer" parent="."]
margin_left = 20.0
margin_top = 20.0
margin_right = 1347.0
margin_bottom = 73.0

[node name="BEER" type="MarginContainer" parent="HBoxContainer"]
margin_right = 100.0
margin_bottom = 53.0

[node name="Background" type="NinePatchRect" parent="HBoxContainer/BEER"]
margin_right = 100.0
margin_bottom = 53.0
rect_min_size = Vector2( 100, 40 )
texture = ExtResource( 1 )

[node name="Number" type="Label" parent="HBoxContainer/BEER/Background"]
anchor_right = 1.0
anchor_bottom = 1.0
margin_right = -10.0
custom_fonts/font = SubResource( 1 )
text = "10"
align = 2
valign = 1
__meta__ = {
"_edit_use_anchors_": false
}

[node name="Icon" type="TextureRect" parent="HBoxContainer/BEER/Background"]
margin_left = -2.23328
margin_top = 4.53333
margin_right = 70.7667
margin_bottom = 75.5333
texture = ExtResource( 8 )
stretch_mode = 1
__meta__ = {
"_edit_use_anchors_": false
}

[node name="SHOT" type="MarginContainer" parent="HBoxContainer"]
margin_left = 104.0
margin_right = 204.0
margin_bottom = 53.0

[node name="Background" type="NinePatchRect" parent="HBoxContainer/SHOT"]
margin_right = 100.0
margin_bottom = 53.0
rect_min_size = Vector2( 100, 40 )
texture = ExtResource( 1 )

[node name="Number" type="Label" parent="HBoxContainer/SHOT/Background"]
anchor_right = 1.0
anchor_bottom = 1.0
margin_right = -10.0
custom_fonts/font = SubResource( 1 )
text = "10"
align = 2
valign = 1
__meta__ = {
"_edit_use_anchors_": false
}

[node name="Icon" type="TextureRect" parent="HBoxContainer/SHOT/Background"]
margin_left = -2.23328
margin_top = 4.53333
margin_right = 70.7667
margin_bottom = 75.5333
texture = ExtResource( 7 )
stretch_mode = 1
__meta__ = {
"_edit_use_anchors_": false
}

[node name="WATER" type="MarginContainer" parent="HBoxContainer"]
margin_left = 208.0
margin_right = 308.0
margin_bottom = 53.0

[node name="Background" type="NinePatchRect" parent="HBoxContainer/WATER"]
margin_right = 100.0
margin_bottom = 53.0
rect_min_size = Vector2( 100, 40 )
texture = ExtResource( 1 )

[node name="Number" type="Label" parent="HBoxContainer/WATER/Background"]
anchor_right = 1.0
anchor_bottom = 1.0
margin_right = -10.0
custom_fonts/font = SubResource( 1 )
text = "10"
align = 2
valign = 1
__meta__ = {
"_edit_use_anchors_": false
}

[node name="Icon" type="TextureRect" parent="HBoxContainer/WATER/Background"]
margin_left = -2.23328
margin_top = 4.53333
margin_right = 70.7667
margin_bottom = 75.5333
texture = ExtResource( 6 )
stretch_mode = 1
__meta__ = {
"_edit_use_anchors_": false
}

[node name="Counters" type="HBoxContainer" parent="HBoxContainer"]
margin_left = 312.0
margin_right = 312.0
margin_bottom = 53.0

[node name="HappyBars" type="VBoxContainer" parent="HBoxContainer"]
margin_left = 316.0
margin_right = 816.0
margin_bottom = 53.0

[node name="Bar1" type="HBoxContainer" parent="HBoxContainer/HappyBars"]
margin_right = 500.0
margin_bottom = 53.0

[node name="Count" type="MarginContainer" parent="HBoxContainer/HappyBars/Bar1"]
margin_right = 100.0
margin_bottom = 53.0

[node name="Background" type="NinePatchRect" parent="HBoxContainer/HappyBars/Bar1/Count"]
margin_right = 100.0
margin_bottom = 53.0
rect_min_size = Vector2( 100, 40 )
texture = ExtResource( 1 )

[node name="Title" type="AnimatedSprite" parent="HBoxContainer/HappyBars/Bar1/Count/Background"]
position = Vector2( 32, 28 )
scale = Vector2( 0.8, 0.8 )
frames = SubResource( 7 )

[node name="Number" type="Label" parent="HBoxContainer/HappyBars/Bar1/Count/Background"]
anchor_right = 1.0
anchor_bottom = 1.0
margin_right = -10.0
custom_fonts/font = SubResource( 1 )
text = "10"
align = 2
valign = 1
__meta__ = {
"_edit_use_anchors_": false
}

[node name="gauge" type="TextureProgress" parent="HBoxContainer/HappyBars/Bar1"]
margin_left = 104.0
margin_right = 500.0
margin_bottom = 53.0
value = 50.0
texture_under = ExtResource( 5 )
texture_progress = ExtResource( 3 )
__meta__ = {
"_edit_use_anchors_": false
}
