[gd_scene load_steps=12 format=2]

[ext_resource path="res://scenes/GUI/GUI assets/label_HP_bg.png" type="Texture" id=1]
[ext_resource path="res://res/art/faces.png" type="Texture" id=2]
[ext_resource path="res://scenes/GUI/StatusTextGUI.gd" type="Script" id=4]
[ext_resource path="res://res/fonts/The Quest of Discoveries.ttf" type="DynamicFontData" id=5]

[sub_resource type="AtlasTexture" id=1]
flags = 4
atlas = ExtResource( 2 )
region = Rect2( 0, 0, 60, 60 )

[sub_resource type="AtlasTexture" id=2]
flags = 4
atlas = ExtResource( 2 )
region = Rect2( 60, 0, 60, 60 )

[sub_resource type="AtlasTexture" id=3]
flags = 4
atlas = ExtResource( 2 )
region = Rect2( 120, 0, 60, 60 )

[sub_resource type="AtlasTexture" id=4]
flags = 4
atlas = ExtResource( 2 )
region = Rect2( 180, 0, 60, 60 )

[sub_resource type="AtlasTexture" id=5]
flags = 4
atlas = ExtResource( 2 )
region = Rect2( 240, 0, 60, 60 )

[sub_resource type="SpriteFrames" id=6]
animations = [ {
"frames": [ SubResource( 1 ), SubResource( 2 ), SubResource( 3 ), SubResource( 4 ), SubResource( 5 ) ],
"loop": true,
"name": "default",
"speed": 5.0
} ]

[sub_resource type="DynamicFont" id=7]
size = 41
use_filter = true
font_data = ExtResource( 5 )

[node name="StatusGUI" type="MarginContainer"]
anchor_right = 1.0
margin_right = 1.0
margin_bottom = 93.0
rect_scale = Vector2( 0.5, 0.5 )
custom_constants/margin_right = 20
custom_constants/margin_top = 20
custom_constants/margin_left = 20
custom_constants/margin_bottom = 20
script = ExtResource( 4 )
__meta__ = {
"_edit_use_anchors_": false
}

[node name="HappyBars" type="VBoxContainer" parent="."]
margin_left = 20.0
margin_top = 20.0
margin_right = 1347.0
margin_bottom = 73.0

[node name="Bar1" type="HBoxContainer" parent="HappyBars"]
margin_right = 1327.0
margin_bottom = 40.0

[node name="Count" type="MarginContainer" parent="HappyBars/Bar1"]
margin_right = 70.0
margin_bottom = 40.0

[node name="Background" type="NinePatchRect" parent="HappyBars/Bar1/Count"]
margin_right = 70.0
margin_bottom = 40.0
rect_min_size = Vector2( 70, 40 )
texture = ExtResource( 1 )

[node name="Title" type="AnimatedSprite" parent="HappyBars/Bar1/Count/Background"]
position = Vector2( 32, 28 )
scale = Vector2( 0.8, 0.8 )
frames = SubResource( 6 )

[node name="NinePatchRect" type="NinePatchRect" parent="HappyBars/Bar1"]
margin_left = 74.0
margin_right = 1074.0
margin_bottom = 40.0
rect_min_size = Vector2( 1000, 40 )
texture = ExtResource( 1 )

[node name="StausText" type="Label" parent="HappyBars/Bar1/NinePatchRect"]
margin_left = 16.0
margin_top = 4.0
margin_right = 184.0
margin_bottom = 35.0
custom_fonts/font = SubResource( 7 )
text = "Let's get this party started!!!"
__meta__ = {
"_edit_use_anchors_": false
}
