[gd_scene load_steps=10 format=2]

[ext_resource path="res://res/audio/sfx/select_active_drink.wav" type="AudioStream" id=1]
[ext_resource path="res://res/audio/music/snf_game_over.ogg" type="AudioStream" id=2]
[ext_resource path="res://res/audio/music/snf_title_screen_song.ogg" type="AudioStream" id=3]
[ext_resource path="res://res/audio/sfx/pour_drink.wav" type="AudioStream" id=4]
[ext_resource path="res://res/audio/sfx/start_game.wav" type="AudioStream" id=5]
[ext_resource path="res://res/audio/sfx/give_drink.wav" type="AudioStream" id=6]
[ext_resource path="res://res/audio/music/snf_bg_song.ogg" type="AudioStream" id=7]
[ext_resource path="res://scenes/audio/audio_scripts/AudioManager.gd" type="Script" id=8]
[ext_resource path="res://res/audio/sfx/slip.wav" type="AudioStream" id=9]

[node name="AudioManager" type="Node"]
script = ExtResource( 8 )

[node name="music_title" type="AudioStreamPlayer" parent="."]
stream = ExtResource( 3 )

[node name="music_bgm" type="AudioStreamPlayer" parent="."]
stream = ExtResource( 7 )

[node name="music_gameover" type="AudioStreamPlayer" parent="."]
stream = ExtResource( 2 )

[node name="SFX" type="Node" parent="."]

[node name="give_drink" type="AudioStreamPlayer" parent="SFX"]
stream = ExtResource( 6 )

[node name="pour_drink" type="AudioStreamPlayer" parent="SFX"]
stream = ExtResource( 4 )

[node name="select_active_drink" type="AudioStreamPlayer" parent="SFX"]
stream = ExtResource( 1 )

[node name="start_game" type="AudioStreamPlayer" parent="SFX"]
stream = ExtResource( 5 )

[node name="slip" type="AudioStreamPlayer" parent="SFX"]
stream = ExtResource( 9 )
